% This file was created with Citavi 6.14.0.0

@proceedings{.2012,
 year = {2012},
 title = {2012 IEEE Symposium on Security and Privacy},
 publisher = {IEEE},
 isbn = {978-1-4673-1244-8}
}


@article{Sury.2021,
 author = {Sury, Ursula},
 year = {2021},
 title = {Die datenschutzrechtliche Aufgabe von Cookie-Bannern},
 urldate = {12/01/2022},
 pages = {306--307},
 volume = {44},
 number = {4},
 issn = {0170-6012},
 journal = {Informatik Spektrum},
 doi = {10.1007/s00287-021-01375-7}
}


@article{Reisch.2020,
 author = {Reisch, Lucia A.},
 year = {2020},
 title = {Nudging hell und dunkel: Regeln f{\"u}r digitales Nudging},
 urldate = {28/11/2022},
 pages = {87--91},
 volume = {100},
 number = {2},
 issn = {0043-6275},
 journal = {Wirtschaftsdienst},
 doi = {10.1007/s10273-020-2573-y}
}


@inproceedings{Nouwens.2020,
 author = {Nouwens, Midas and Liccardi, Ilaria and Veale, Michael and Karger, David and Kagal, Lalana},
 title = {Dark Patterns after the GDPR: Scraping Consent Pop-ups and Demonstrating their Influence},
 pages = {1--13},
 publisher = {ACM},
 isbn = {9781450367080},
 editor = {Bernhaupt, Regina and Mueller, Florian 'Floyd' and Verweij, David and Andres, Josh and McGrenere, Joanna and Cockburn, Andy and Avellino, Ignacio and Goguey, Alix and Bj{\o}rn, Pernille and Zhao, Shengdong and Samson, Briane Paul and Kocielnik, Rafal},
 booktitle = {Proceedings of the 2020 CHI Conference on Human Factors in Computing Systems},
 year = {2020},
 address = {New York, NY, USA},
 doi = {10.1145/3313831.3376321}
}


@article{Narayanan.2020,
 author = {Narayanan, Arvind and Mathur, Arunesh and Chetty, Marshini and Kshirsagar, Mihir},
 year = {2020},
 title = {Dark Patterns: Past, Present, and Future},
 pages = {67--92},
 volume = {18},
 number = {2},
 issn = {1542-7730},
 journal = {Queue},
 doi = {10.1145/3400899.3400901}
}


@inproceedings{Mayer.2012,
 author = {Mayer, Jonathan R. and Mitchell, John C.},
 title = {Third-Party Web Tracking: Policy and Technology},
 pages = {413--427},
 publisher = {IEEE},
 isbn = {978-1-4673-1244-8},
 booktitle = {2012 IEEE Symposium on Security and Privacy},
 year = {2012},
 doi = {10.1109/SP.2012.47}
}


@article{Mathur.2019,
 author = {Mathur, Arunesh and Acar, Gunes and Friedman, Michael J. and Lucherini, Eli and Mayer, Jonathan and Chetty, Marshini and Narayanan, Arvind},
 year = {2019},
 title = {Dark Patterns at Scale},
 pages = {1--32},
 volume = {3},
 number = {CSCW},
 journal = {Proceedings of the ACM on Human-Computer Interaction},
 doi = {10.1145/3359183}
}


@article{Lembcke.2019,
 author = {Lembcke, Tim-Benjamin and Engelbrecht, Nils and Brendel, Alfred Benedikt and Kolbe, Lutz},
 year = {2019},
 title = {TO NUDGE OR NOT TO NUDGE: ETHICAL CONSIDERATIONS OF DIGITAL NUDGING BASED ON ITS BEHAVIORAL ECONOMICS ROOTS},
 url = {https://aisel.aisnet.org/ecis2019_rp/95},
 journal = {Research Papers}
}


@article{Kristol.,
 abstract = {How did we get from a world where cookies were something you ate and where {\textquotedbl}non-techies{\textquotedbl} were unaware of {\textquotedbl}Netscape cookies{\textquotedbl} to a world where cookies are a hot-button privacy issue for many computer users? This paper will describe how HTTP {\textquotedbl}cookies{\textquotedbl} work, and how Netscape's original specification evolved into an IETF Proposed Standard. I will also offer a personal perspective on how what began as a straightforward technical specification turned into a political flashpoint when it tried to address non-technical issues such as privacy.},
 author = {Kristol, David M.},
 title = {HTTP Cookies: Standards, Privacy, and Politics},
 url = {http://arxiv.org/pdf/cs/0105018v1},
 journal = {ACM Transactions on Internet Technology}
}


@misc{King.2022,
 author = {King, Jennifer and MacKinnon, Eli},
 year = {2022},
 title = {Do the DSA and DMA Have What It Takes to Take on Dark Patterns?},
 url = {https://techpolicy.press/do-the-dsa-and-dma-have-what-it-takes-to-take-on-dark-patterns/},
 urldate = {2022-12-01}
}


@article{Kenning.2020,
 author = {Kenning, Peter},
 year = {2020},
 title = {Digital Nudging --- Implikationen f{\"u}r die Verbraucherforschung und die Verbraucherpolitik},
 pages = {85--86},
 volume = {100},
 number = {2},
 issn = {0043-6275},
 journal = {Wirtschaftsdienst},
 doi = {10.1007/s10273-020-2572-z}
}


@article{Thaler.2018,
 author = {Thaler, Richard H.},
 year = {2018},
 title = {Nudge, not sludge},
 pages = {431},
 volume = {361},
 number = {6401},
 journal = {Science (New York, N.Y.)},
 doi = {10.1126/science.aau9241}
}


@book{Kahneman.2012,
 abstract = {Zsfg.: Intuition oder Vernunft? - Menschliches Verhalten und das Verst{\"a}ndnis von Wirtschaft Wie treffen wir unsere Entscheidungen? Warum ist Z{\"o}gern ein {\"u}berlebensnotwendiger Reflex, und was passiert in unserem Gehirn, wenn wir andere Menschen oder Dinge beurteilen? Daniel Kahneman, Nobelpreistr{\"a}ger und einer der einflussreichsten Wissenschaftler unserer Zeit, zeigt anhand ebenso nachvollziehbarer wie verbl{\"u}ffender Beispiele, welchen mentalen Mustern wir folgen und wie wir uns gegen verh{\"a}ngnisvolle Fehlentscheidungen wappnen k{\"o}nnen.},
 author = {Kahneman, Daniel and Schmidt, Thorsten},
 year = {2012},
 title = {Schnelles Denken, langsames Denken},
 url = {https://books.google.de/books?id=4tV9qDT0CpoC&printsec=frontcover&hl=de&source=gbs_ge_summary_r&cad=0#v=onepage&q&f=false},
 address = {Siedler},
 isbn = {9783641093747}
}


@misc{InterIKEASystemsB.V..2022,
 author = {{Inter IKEA Systems B.V.}},
 year = {2022},
 title = {Betten},
 url = {https://www.ikea.com/de/de/cat/betten-bm003/},
 urldate = {2022-12-01}
}


@misc{Hartung.2020,
 author = {Hartung, J{\"u}rgen and Schwarze, Patrick},
 year = {2020},
 title = {{\glqq}Planet49{\grqq}-Urteil des BGH: Keine wirksame Einwilligung zu Cookies durch voreingestelltes Opt-In},
 url = {https://www.oppenhoff.eu/de/news/detail/planet49-urteil-des-bgh-keine-wirksame-einwilligung-zu-cookies-durch-voreingestelltes-opt-in/},
 urldate = {2022-12-01}
}


@misc{EuropaischeUnion.2022,
 author = {{Europ{\"a}ische Union}},
 title = {VERORDNUNG (EU) 2022/2065 DES EUROP{\"A}ISCHEN PARLAMENTS UND DES RATES vom 19. Oktober 2022 {\"u}ber einen Binnenmarkt f{\"u}r digitale Dienste und zur {\"A}nderung der Richtlinie 2000/31/EG (Gesetz {\"u}ber digitale Dienste): Digital Services Act (DSA)},
 year = {2022},
 url = {https://eur-lex.europa.eu/legal-content/DE/TXT/PDF/?uri=CELEX:32022R2065&from=en},
 urldate = {2022-12-01}
}


@misc{EuropaischeUnion.2016,
 author = {{Europ{\"a}ische Union}},
 title = {VERORDNUNG (EU) 2016/679 DES EUROP{\"A}ISCHEN PARLAMENTS UND DES RATES vom 27. April 2016 zum Schutz nat{\"u}rlicher Personen bei der Verarbeitung personenbezogener Daten, zum freien Datenverkehr und zur Aufhebung der Richtlinie 95/46/EG (Datenschutz-Grundverordnung): Datenschutz-Grundverodnung (DSGVO)},
 year = {2016},
 url = {https://eur-lex.europa.eu/legal-content/DE/TXT/PDF/?uri=CELEX:32016R0679&from=DE},
 urldate = {2022-12-01}
}


@inproceedings{DiGeronimo.2020,
 author = {{Di Geronimo}, Linda and Braz, Larissa and Fregnan, Enrico and Palomba, Fabio and Bacchelli, Alberto},
 title = {UI Dark Patterns and Where to Find Them},
 pages = {1--14},
 publisher = {ACM},
 isbn = {9781450367080},
 editor = {Bernhaupt, Regina and Mueller, Florian 'Floyd' and Verweij, David and Andres, Josh and McGrenere, Joanna and Cockburn, Andy and Avellino, Ignacio and Goguey, Alix and Bj{\o}rn, Pernille and Zhao, Shengdong and Samson, Briane Paul and Kocielnik, Rafal},
 booktitle = {Proceedings of the 2020 CHI Conference on Human Factors in Computing Systems},
 year = {2020},
 address = {New York, NY, USA},
 doi = {10.1145/3313831.3376600},
 file = {Di Geronimo, Braz et al. 2020 - UI Dark Patterns and Where:Attachments/Di Geronimo, Braz et al. 2020 - UI Dark Patterns and Where.pdf:application/pdf}
}


@misc{Brignull.2010,
 author = {Brignull, Harry},
 year = {2010},
 title = {Deceptive Design: user interfaces crafted to trick you},
 url = {https://www.deceptive.design},
 urldate = {2022-12-01}
}


@inproceedings{Bielova.2017,
 author = {Bielova, Nataliia},
 title = {Web Tracking Technologies and Protection Mechanisms},
 pages = {2607--2609},
 publisher = {ACM},
 isbn = {9781450349468},
 editor = {Thuraisingham, Bhavani and Evans, David and Malkin, Tal and Xu, Dongyan},
 booktitle = {Proceedings of the 2017 ACM SIGSAC Conference on Computer and Communications Security},
 year = {2017},
 address = {New York, NY, USA},
 doi = {10.1145/3133956.3136067}
}


@proceedings{Bernhaupt.2020,
 year = {2020},
 title = {Proceedings of the 2020 CHI Conference on Human Factors in Computing Systems},
 address = {New York, NY, USA},
 publisher = {ACM},
 isbn = {9781450367080},
 editor = {Bernhaupt, Regina and Mueller, Florian 'Floyd' and Verweij, David and Andres, Josh and McGrenere, Joanna and Cockburn, Andy and Avellino, Ignacio and Goguey, Alix and Bj{\o}rn, Pernille and Zhao, Shengdong and Samson, Briane Paul and Kocielnik, Rafal},
 doi = {10.1145/3313831}
}


@book{Bauer.2018,
 author = {Bauer, Florian and Koth, Hardy},
 year = {2018},
 title = {Der unvern{\"u}nftige Kunde: Mit Behavioral Economics irrationale Entscheidungen verstehen und beeinflussen},
 address = {M{\"u}nchen},
 edition = {2. Auflage},
 publisher = {{Redline Verlag}},
 isbn = {9783864146244}
}


@misc{AnnaBiselli.2022,
 author = {{Anna Biselli}},
 year = {2022},
 title = {210 Millionen Euro Strafen gegen Google und Facebook},
 url = {https://netzpolitik.org/2022/frankreich-210-millionen-euro-strafen-gegen-google-und-facebook/#netzpolitik-pw},
 urldate = {2022-12-01}
}


@article{Jesse.2021,
 author = {Jesse, Mathias and Jannach, Dietmar},
 year = {2021},
 title = {Digital nudging with recommender systems: Survey and future directions},
 pages = {100052},
 volume = {3},
 issn = {24519588},
 journal = {Computers in Human Behavior Reports},
 doi = {10.1016/j.chbr.2020.100052},
 file = {Jesse, Jannach 2021 - Digital nudging with recommender systems:Attachments/Jesse, Jannach 2021 - Digital nudging with recommender systems.pdf:application/pdf}
}


@proceedings{Thuraisingham.2017,
 year = {2017},
 title = {Proceedings of the 2017 ACM SIGSAC Conference on Computer and Communications Security},
 address = {New York, NY, USA},
 publisher = {ACM},
 isbn = {9781450349468},
 editor = {Thuraisingham, Bhavani and Evans, David and Malkin, Tal and Xu, Dongyan},
 doi = {10.1145/3133956}
}


